@mastersthesis{Sehra07,
author={Sehra, Avtar Singh},
title={Finite Element Analysis of the Schr√∂dinger Equation},
year={2007},
school={Univ. Wales Swansea},
}

@misc{itutorial,
howpublished="\url{https://ngsolve.org/docu/nightly/i-tutorials/unit-2.2-eigenvalues/pinvit.html}",
}